@book
  {
    Sandi,
    title = {Practical Object-Oriented Design in Ruby},
    subtitle = {An Agile Primer},
    author = {Sandi Metz},
    publisher = {Addison-Wesley},
    year = 2013,
    address = {Crawfordsville, Indiana},
    pages={191 - 240}
  }
